% Spatio-temproal --------------------------

@inproceedings{cho2011friendship,
  title={Friendship and mobility: user movement in location-based social networks},
  author={Cho, Eunjoon and Myers, Seth A and Leskovec, Jure},
  booktitle={Proceedings of the 17th ACM SIGKDD conference on knowledge discovery and data mining},
  pages={1082--1090},
  year={2011},
  organization={ACM}
}

@inproceedings{noulas2012mining,
  title={Mining user mobility features for next place prediction in location-based services},
  author={Noulas, Anastasios and Scellato, Salvatore and Lathia, Neal and Mascolo, Cecilia},
  booktitle={Data mining (ICDM), IEEE 12th international conference on},
  pages={1038--1043},
  year={2012},
  organization={IEEE}
}

@inproceedings{gao2012mobile,
  title={Mobile location prediction in spatio-temporal context},
  author={Gao, Huiji and Tang, Jiliang and Liu, Huan},
  booktitle={Nokia mobile data challenge workshop},
  volume={41},
  pages={44},
  year={2012}
}

@inproceedings{scellato2011nextplace,
  title={NextPlace: a spatio-temporal prediction framework for pervasive systems},
  author={Scellato, Salvatore and Musolesi, Mirco and Mascolo, Cecilia and Latora, Vito and Campbell, Andrew T},
  booktitle={International Conference on Pervasive Computing},
  pages={152--169},
  year={2011},
  organization={Springer}
}

@inproceedings{lian2013collaborative,
  title={Collaborative filtering meets next check-in location prediction},
  author={Lian, Defu and Zheng, Vincent W and Xie, Xing},
  booktitle={Proceedings of the 22nd International Conference on World Wide Web},
  pages={231--232},
  year={2013},
  organization={ACM}
}

@inproceedings{ye2013s,
  title={What's your next move: User activity prediction in location-based social networks},
  author={Ye, Jihang and Zhu, Zhe and Cheng, Hong},
  booktitle={Proceedings of the 2013 SIAM International Conference on Data Mining},
  pages={171--179},
  year={2013},
  organization={SIAM}
}

@inproceedings{assam2014check,
  title={Check-in location prediction using wavelets and conditional random fields},
  author={Assam, Roland and Seidl, Thomas},
  booktitle={Data Mining (ICDM), 2014 IEEE International Conference on},
  pages={713--718},
  year={2014},
  organization={IEEE}
}

@inproceedings{liu2016predicting,
  title={Predicting the Next Location: A Recurrent Model with Spatial and Temporal Contexts.},
  author={Liu, Qiang and Wu, Shu and Wang, Liang and Tan, Tieniu},
  booktitle={AAAI},
  pages={194--200},
  year={2016}
}


@inproceedings{li2008mining,
  title={Mining user similarity based on location history},
  author={Li, Quannan and Zheng, Yu and Xie, Xing and Chen, Yukun and Liu, Wenyu and Ma, Wei-Ying},
  booktitle={ACM SIGSPATIAL},
  year={2008}
}

@inproceedings{xiao2010finding,
  title={Finding similar users using category-based location history},
  author={Xiao, Xiangye and Zheng, Yu and Luo, Qiong and Xie, Xing},
  booktitle={ACM SIGSPATIAL},
  pages={442--445},
  year={2010}
}


% Location Recommendation ----------------------

@inproceedings{li2016point,
  title={Point-of-Interest Recommendations: Learning Potential Check-ins from Friends},
  author={Li, Huayu and Ge, Yong and Zhu, Hengshu},
  booktitle={Proceedings of the 22th ACM SIGKDD conference on Knowledge discovery and data mining. ACM},
  year={2016}
}

@inproceedings{yang2016spatio,
  title={Spatio-Temporal Site Recommendation},
  author={Yang, Guolei and Z{\"u}fle, Andreas},
  booktitle={Data Mining Workshops (ICDMW), 2016 IEEE 16th International Conference on},
  pages={1173--1178},
  year={2016},
  organization={IEEE}
}

@inproceedings{yu2015survey,
  title={A survey of point-of-interest recommendation in location-based social networks},
  author={Yu, Yonghong and Chen, Xingguo},
  booktitle={Workshops at the Twenty-Ninth AAAI Conference on Artificial Intelligence},
  year={2015}
}


%--Similar user detection--------------------

@inproceedings{xiao2010finding,
  title={Finding similar users using category-based location history},
  author={Xiao, Xiangye and Zheng, Yu and Luo, Qiong and Xie, Xing},
  booktitle={Proceedings of the 18th SIGSPATIAL International Conference on Advances in Geographic Information Systems},
  pages={442--445},
  year={2010},
  organization={ACM}
}


% Datasets ----------------------------------
@article{yang2014modeling,
	author={Yang, Dingqi and Zhang, Daqing and Zheng, Vincent. W. and Yu, Zhiyong},
	journal={IEEE Transactions on Systems, Man, and Cybernetics: Systems},
	title={Modeling User Activity Preference by Leveraging User Spatial Temporal Characteristics in LBSNs},
	year={2015},
	volume={45},
	number={1},
	pages={129--142},
	ISSN={2168-2216},
	publisher={IEEE}
}


@article{yang2015nationtelescope,
  title={NationTelescope: Monitoring and visualizing large-scale collective behavior in LBSNs},
  author={Yang, Dingqi and Zhang, Daqing and Chen, Longbiao and Qu, Bingqing},
  journal={Journal of Network and Computer Applications},
  volume={55},
  pages={170--180},
  year={2015},
  publisher={Elsevier}
}

% - Link prediction -------------------------------------

@article{pieter2003link,
  title={Link prediction in relational data},
  author={Pieter, Ben Taskar Ming-Fai Wong and Koller, Abbeel Daphne},
  year={2003},
  booktitle={NIPS}
}


@inproceedings{yu2006stochastic,
  title={Stochastic relational models for discriminative link prediction},
  author={Yu, Kai and Chu, Wei and Yu, Shipeng and Tresp, Volker and Xu, Zhao},
  booktitle={NIPS},
  pages={1553--1560},
  year={2006}
}


@inproceedings{menon2011link,
  title={Link prediction via matrix factorization},
  author={Menon, Aditya Krishna and Elkan, Charles},
  booktitle={Joint european conference on machine learning and knowledge discovery in databases},
  pages={437--452},
  year={2011},
  organization={Springer}
}


@inproceedings{miller2009nonparametric,
  title={Nonparametric latent feature models for link prediction},
  author={Miller, Kurt and Jordan, Michael I and Griffiths, Thomas L},
  booktitle={Advances in neural information processing systems},
  pages={1276--1284},
  year={2009}
}

@inproceedings{backstrom2011supervised,
  title={Supervised random walks: predicting and recommending links in social networks},
  author={Backstrom, Lars and Leskovec, Jure},
  booktitle={Proceedings of the fourth ACM international conference on Web search and data mining},
  pages={635--644},
  year={2011},
  organization={ACM}
}

@inproceedings{yin2010linkrec,
  title={Linkrec: a unified framework for link recommendation with user attributes and graph structure},
  author={Yin, Zhijun and Gupta, Manish and Weninger, Tim and Han, Jiawei},
  booktitle={Proceedings of the 19th international conference on World wide web},
  pages={1211--1212},
  year={2010},
  organization={ACM}
}


@article{gong2014joint,
  title={Joint link prediction and attribute inference using a social-attribute network},
  author={Gong, Neil Zhenqiang and Talwalkar, Ameet and Mackey, Lester and Huang, Ling and Shin, Eui Chul Richard and Stefanov, Emil and Shi, Elaine Runting and Song, Dawn},
  journal={ACM Transactions on Intelligent Systems and Technology (TIST)},
  volume={5},
  number={2},
  pages={27},
  year={2014},
  publisher={ACM}
}








% MISC ----------------------------------

@article{powerlaw09,
	Author = {Aaron Clauset and Cosma Rohilla Shalizi and M. E. J. Newman},
	Date-Added = {2016-02-03 17:24:46 +0000},
	Date-Modified = {2016-02-03 17:25:45 +0000},
	Journal = {SIAM Rev.},
	Number = {4},
	Pages = {661--703},
	Title = {Power-Law Distributions in Empirical Data},
	Volume = {51},
	Year = {2009}
}
	
	
@inproceedings{powerlawGoogle,
	Author = {Neil Zhenqiang Gong and Wenchang Xu and Ling Huang and Prateek Mittal and Emil Stefanov and Vyas Sekar and Dawn Song},
	Booktitle = {IMC},
	Date-Added = {2016-02-03 17:31:13 +0000},
	Date-Modified = {2016-12-17 19:37:00 +0000},
	Title = {Evolution of Social-Attribute Networks: Measurements, Modeling, and Implications using Google+},
	Year = {2012}
}

@inproceedings{weiler2015geo,
  title={Geo-Social Co-location Mining},
  author={Weiler, Michael and Schmid, Klaus Arthur and Mamoulis, Nikos and Renz, Matthias},
  booktitle={Second International ACM Workshop on Managing and Mining Enriched Geo-Spatial Data},
  pages={19--24},
  year={2015},
  organization={ACM}
}
